@book{Airy_use,
  author = {O. Vallee, M. Soares},
  editor = {},
  publisher = {Imperial College Press},
  title = {Airy functions and applications to physics},
  year = {2004}
}